@book{elifilter,
  author    = {Eli Pariser},
  editor    = {},
  publisher = {The Penguin Press},
  title     = {The Filter Bubble: What the Internet is Hiding from you},
  year      = {2011}
}

@article{richard,
  author  = {Richard Fletcher},
  journal = {Reuters Institute for the Study of Journalism},
  number  = {24},
  title   = {The Truth Behind Filter Bubbles: Bursting Some Myths},
  volume  = {2024},
  year    = {2024}
}

@book{dash2011tulipomania,
  title     = {Tulipomania: The Story of the World's Most Coveted Flower and the Extraordinary Passions it Aroused},
  author    = {Dash, M.},
  isbn      = {9781780220574},
  url       = {https://books.google.com/books?id=AAX3nngAfjQC},
  year      = {2011},
  publisher = {Orion}
}

@book{publications2006us,
  title     = {Us Residential Real Estate Investment \& Business Guide for Foreigners},
  author    = {Publications, U.S.A.I.B. and Ibp, U.},
  isbn      = {9780739767788},
  series    = {World Business, Investment And Government Library},
  url       = {https://books.google.com/books?id=qF0qAwAAQBAJ},
  year      = {2006},
  publisher = {International Business Publications, USA}
}

@article{time2021facebook,
  author  = {Vera Bergengruen and Billy Perrigo},
  journal = {Time},
  number  = {5949210},
  title   = {Facebook Acted Too Late to Tackle Misinformation on 2020 Election, Report Finds},
  volume  = {2021},
  year    = {2021}
}

@article{wapostteeth,
  author  = {Allyson Chiu},
  journal = {The Washington Post},
  number  = {20},
  title   = {Millions Have Watched TikTokers File Their own Teeth. Now, Two of These DIY Dentists Say: Don't Try It.},
  volume  = {2020},
  year    = {2020}
}
@article{cnbccars,
  author  = {Chris DiLella and Andrea Day},
  journal = {CNBC},
  number  = {8},
  title   = {TikTok Challenge Spurs Rise in Thefts of Kia, Hyundai Cars},
  volume  = {2022},
  year    = {2022}
}